@inproceedings{px4,
  title={PX4: A node-based multithreaded open source robotics framework for deeply embedded platforms},
  author={Meier, Lorenz and Honegger, Dominik and Pollefeys, Marc},
  booktitle={2015 IEEE International Conference on Robotics and Automation (ICRA)},
  pages={6235--6240},
  year={2015},
  organization={IEEE}
}
