@article{sabatini2006quaternion,
  title={Quaternion-based extended Kalman filter for determining orientation by inertial and magnetic sensing},
  author={Sabatini, Angelo M},
  journal={IEEE Transactions on Biomedical Engineering},
  volume={53},
  number={7},
  pages={1346--1356},
  year={2006},
  publisher={IEEE}
}

@book{di2006uwb,
  title={UWB communication systems: a comprehensive overview},
  author={Di Benedetto, Maria-Gabriella},
  volume={5},
  year={2006},
  publisher={Hindawi Publishing Corporation}
}

@manual{uwb2006characteristics,
  title={Characteristics of ultra-wideband technology},
  organization={{ITU Radiocommunication Assembly}},
  year={2006}
}

@mastersthesis{sporttracking,
    title={{Motion tracking in field sports using GPS and IMU}},
    author={Roobek, Martin},
    year={2017}
}

@book{thrun2005probabilistic,
  title={Probabilistic robotics},
  author={Thrun, Sebastian and Burgard, Wolfram and Fox, Dieter},
  year={2005},
  publisher={MIT press}
}

@book{titterton2004strapdown,
  title={Strapdown inertial navigation technology},
  author={Titterton, David and Weston, John L},
  volume={17},
  year={2004},
  publisher={IET}
}

@manual{dw1000manual,
    organization  = "DecaWave Ltd",
    title         = "DW1000 User Manual",
    year          =  2015,
    note          = "Ver. 2.05"
}

@misc{thymioweb,
  title = {{Thymio II} web site},
  howpublished = {\url{https://www.thymio.org/}},
  year = 2017,
}

@inproceedings{corrales2008hybrid,
  title={Hybrid tracking of human operators using {IMU/UWB} data fusion by a Kalman filter},
  author={Corrales, Juan Antonio and Candelas, FA and Torres, Fernando},
  booktitle={Human-Robot Interaction (HRI), 2008 3rd ACM/IEEE International Conference on},
  pages={193--200},
  year={2008},
  organization={IEEE}
}

@inproceedings{madgwick2011estimation,
  title={Estimation of {IMU} and {MARG} orientation using a gradient descent algorithm},
  author={Madgwick, Sebastian OH and Harrison, Andrew JL and Vaidyanathan, Ravi},
  booktitle={Rehabilitation Robotics (ICORR), 2011 IEEE International Conference on},
  pages={1--7},
  year={2011},
  organization={IEEE}
}

@inproceedings{julier1997new,
  title={A new extension of the {Kalman} filter to nonlinear systems},
  author={Julier, Simon J and Uhlmann, Jeffrey K},
  booktitle={Int. symp. aerospace/defense sensing, simul. and controls},
  volume={3},
  number={26},
  pages={182--193},
  year={1997},
  organization={Orlando, FL}
}

@book{hongler2017stochastic,
    title = {A Guided Tour in Stochastic Processes for Engineers},
    author={Hongler, Max-Olivier},
    year={2017}
}
